<?xml version="1.0" encoding="UTF-8"?><collection xmlns="http://www.loc.gov/MARC21/slim"><record><leader>00471nam--2200121-i-4500</leader><controlfield tag="001">000014338</controlfield><controlfield tag="002">20161230</controlfield><controlfield tag="005">20161230201030</controlfield><controlfield tag="008">060222s1000------------r-----000-0-eng-d</controlfield><datafield ind1=" " ind2=" " tag="245"><subfield code="a">3.spurenelement-symposium, der karl-marx-uni- versitat leipzig und des friedrich-schiller- universitat jena vom 7 bis, 11 juli 1980 in jena, hotel  schwarzer bar  ddr. arsen</subfield></datafield><datafield ind1=" " ind2=" " tag="260"><subfield code="a">Leipzig, Institut Fur    Beitsmedizin, 1980 Vii + 316 P</subfield></datafield><datafield ind1=" " ind2=" " tag="700"><subfield code="a">Anke, M./S.A./(Herg.)</subfield></datafield><datafield ind1=" " ind2=" " tag="852"><subfield code="a">70742</subfield></datafield></record></collection>